@ARTICLE{Kelly14,
   author = {{Kelly}, B.~C. and {Becker}, A.~C. and {Sobolewska}, M. and 
	{Siemiginowska}, A. and {Uttley}, P.},
    title = "{Flexible and Scalable Methods for Quantifying Stochastic Variability in the Era of Massive Time-domain Astronomical Data Sets}",
  journal = {\apj},
archivePrefix = "arXiv",
   eprint = {1402.5978},
 primaryClass = "astro-ph.IM",
 keywords = {methods: statistical },
     year = 2014,
    month = jun,
   volume = 788,
      eid = {33},
    pages = {33},
      doi = {10.1088/0004-637X/788/1/33},
   adsurl = {http://adsabs.harvard.edu/abs/2014ApJ...788...33K},
  adsnote = {Provided by the SAO/NASA Astrophysics Data System}
}

@ARTICLE{Roberts87,
   author = {{Roberts}, D.~H. and {Lehar}, J. and {Dreher}, J.~W.},
    title = "{Time Series Analysis with Clean - Part One - Derivation of a Spectrum}",
  journal = {\aj},
     year = 1987,
    month = apr,
   volume = 93,
    pages = {968},
      doi = {10.1086/114383},
   adsurl = {http://adsabs.harvard.edu/abs/1987AJ.....93..968R},
  adsnote = {Provided by the SAO/NASA Astrophysics Data System}
}

@PHDTHESIS{Reimann94,
   author = {{Reimann}, J.~D.},
    title = "{Frequency Estimation Using Unequally-Spaced Astronomical Data.}",
   school = {UNIVERSITY OF CALIFORNIA, BERKELEY.},
     year = 1994,
    month = January,
   adsurl = {http://adsabs.harvard.edu/abs/1994PhDT........20R},
  adsnote = {Provided by the SAO/NASA Astrophysics Data System}
}



@book{ICVG2014,
  title={Statistics, Data Mining, and Machine Learning in Astronomy: A Practical Python Guide for the Analysis of Survey Data},
  author={Ivezi{\'c}, {\v{Z}}. and Connolly, A.J. and VanderPlas, J.T. and Gray, A.},
  isbn={9781400848911},
  series={Princeton Series in Modern Observational Astronomy},
  url={http://books.google.com/books?id=2fM8AQAAQBAJ},
  year={2014},
  publisher={Princeton University Press}
}

@ARTICLE{Lomb76,
   author = {{Lomb}, N.~R.},
    title = {Least-squares frequency analysis of unequally spaced data},
  journal = {\apss},
 keywords = {ASTRONOMY, DATA REDUCTION, LEAST SQUARES METHOD, BACKGROUND NOISE, POWER SPECTRA, SINE WAVES, SPECTRUM ANALYSIS, STATISTICAL ANALYSIS, VARIABLE STARS},
     year = 1976,
    monthX = feb,
   volume = 39,
    pages = {447-462},
      doi = {10.1007/BF00648343},
   adsurl = {http://adsabs.harvard.edu/abs/1976Ap%26SS..39..447L},
  adsnote = {Provided by the SAO/NASA Astrophysics Data System}
}

@ARTICLE{Scargle82,
   author = {{Scargle}, J.~D.},
    title = {Studies in astronomical time series analysis. {II} -- {S}tatistical aspects of spectral analysis of unevenly spaced data},
  journal = {\apj},
 keywords = {ASTRONOMY, SIGNAL DETECTION, SPECTRUM ANALYSIS, STATISTICAL DISTRIBUTIONS, TIME SERIES ANALYSIS, FOURIER TRANSFORMATION, FREQUENCY RESPONSE, POWER SPECTRA, SIGNAL TO NOISE RATIOS},
     year = 1982,
    monthX = dec,
   volume = 263,
    pages = {835-853},
      doi = {10.1086/160554},
   adsurl = {http://adsabs.harvard.edu/abs/1982ApJ...263..835S},
  adsnote = {Provided by the SAO/NASA Astrophysics Data System}
}

@book{Bretthorst88,
  title={Bayesian Spectrum Analysis and Parameter Estimation},
  author={Bretthorst, G.L.},
  isbn={9783540968719},
  lccn={88212252},
  series={Lecture Notes in Statistics},
  url={http://books.google.com/books?id=fPm8OU6li00C},
  year={1988},
  publisher={Springer}
}


@ARTICLE{Zechmeister09,
   author = {{Zechmeister}, M. and {K{\"u}rster}, M.},
    title = {The generalised {L}omb-{S}cargle periodogram. {A} new formalism for the floating-mean and {K}eplerian periodograms},
  journal = {\aap},
archivePrefix = "arXiv",
   eprint = {0901.2573},
 primaryClass = "astro-ph.IM",
 keywords = {methods: data analysis, methods: analytical, methods: statistical, techniques: radial velocities},
     year = 2009,
    monthX = mar,
   volume = 496,
    pages = {577-584},
      doi = {10.1051/0004-6361:200811296},
   adsurl = {http://adsabs.harvard.edu/abs/2009A%26A...496..577Z},
  adsnote = {Provided by the SAO/NASA Astrophysics Data System}
}

@incollection{Jaynes87,
year={1987},
isbn={978-94-010-8257-0},
booktitle={Maximum-Entropy and Bayesian Spectral Analysis and Estimation Problems},
volume={21},
series={Fundamental Theories of Physics},
editor={Smith, C.Ray and Erickson, GaryJ.},
doi={10.1007/978-94-009-3961-5_1},
title={Bayesian Spectrum and Chirp Analysis},
url={http://dx.doi.org/10.1007/978-94-009-3961-5_1},
publisher={Springer Netherlands},
author={Jaynes, E.T.},
pages={1-37},
language={English}
}

@ARTICLE{Sesar2010,
   author = {{Sesar}, B. and {Ivezi{\'c}}, {\v Z}. and {Grammer}, S.~H. and 
	{Morgan}, D.~P. and {Becker}, A.~C. and {Juri{\'c}}, M. and 
	{De Lee}, N. and {Annis}, J. and {Beers}, T.~C. and {Fan}, X. and 
	{Lupton}, R.~H. and {Gunn}, J.~E. and {Knapp}, G.~R. and {Jiang}, L. and 
	{Jester}, S. and {Johnston}, D.~E. and {Lampeitl}, H.},
    title = "{Light Curve Templates and Galactic Distribution of RR Lyrae Stars from Sloan Digital Sky Survey Stripe 82}",
  journal = {\apj},
archivePrefix = "arXiv",
   eprint = {0910.4611},
 keywords = {Galaxy: halo, Galaxy: stellar content, Galaxy: structure, methods: data analysis, stars: horizontal-branch, stars: statistics, stars: variables: other},
     year = 2010,
    month = jan,
   volume = 708,
    pages = {717-741},
      doi = {10.1088/0004-637X/708/1/717},
   adsurl = {http://adsabs.harvard.edu/abs/2010ApJ...708..717S},
  adsnote = {Provided by the SAO/NASA Astrophysics Data System}
}

@book{NumRec,
 author = {Press, William H. and Teukolsky, Saul A. and Vetterling, William T. and Flannery, Brian P.},
 title = {Numerical Recipes 3rd Edition: The Art of Scientific Computing},
 year = {2007},
 isbn = {0521880688, 9780521880688},
 edition = {3},
 publisher = {Cambridge University Press},
 address = {New York, NY, USA},
} 